@book{hawkins,
  title={Ergodic Dynamics},
  author={Hawkins, Jane},
  year={2021},
  publisher={Springer}
}

@book{farkas,
  title={Riemann surfaces},
  author={Farkas, Hershel M and Kra, Irwin},
  year={1992},
  publisher={Springer}
}

@book{forster,
  title={Lectures on Riemann surfaces},
  author={Forster, Otto},
  volume={81},
  year={1981},
  publisher={Springer Science \& Business Media}
}

@book{ransford,
  title={Potential theory in the complex plane},
  author={Ransford, Thomas},
  number={28},
  series={London Mathematical Society student texts},
  year={1995},
  publisher={Cambridge university press}
}

@book{beardon,
  title={Iteration of rational functions: Complex analytic dynamical systems},
  author={Beardon, Alan F},
  volume={132},
  year={2000},
  publisher={Springer Science \& Business Media}
}

@book{ahlfors,
  title={Complex analysis},
  author={Ahlfors, LV},
  year={1966},
  publisher={New York: McGraw-Hill}
}

@book{stein,
  title={Complex analysis},
  author={Stein, Elias M. and Shakarchi, Rami},
  volume={2},
  year={2003},
  publisher={Princeton University Press}
}

@book{anderson,
  title={Hyperbolic geometry},
  author={Anderson, James W},
  year={2006},
  publisher={Springer Science \& Business Media}
}


@book{harris,
  title={Algebraic Geometry: A First Course},
  author={Harris, Joe},
  volume={133},
  year={1992},
  publisher={Springer Science \& Business Media}
}

@book{milnordynamics,
  title={Dynamics in One Complex Variable},
  author={Milnor, John},
  volume={160},
  year={2011},
  publisher={Princeton University Press},
  edition={3}
}

@book{brin,
  title={Introduction to dynamical systems},
  author={Brin, Michael and Stuck, Garrett},
  year={2002},
  publisher={Cambridge university press}
}

@book{bartle,
  title={The elements of integration and Lebesgue measure},
  author={Bartle, Robert G},
  year={1996},
  publisher={John Wiley \& Sons}
}

@book{gunning,
  title={Introduction to holomorphic functions of several variables},
  author={Gunning, Robert C.},
  volume={1},
  year={1990},
  publisher={Wadsword and Brooks/Cole}
}

@book{hormander,
  title={An Introduction to Complex Analysis in Several Variables},
  author={Hörmander, Lars},
  volume={7},
  year={1990},  
  publisher={Elsevier Science Publishers B.V.}
}

@book{spivak,
  title={Calculus on manifolds: a modern approach to classical theorems of advanced calculus},
  author={Spivak, Michael},
  year={2018},
  publisher={CRC press}
}
@book{bredon,
  title={Topology and geometry},
  author={Bredon, Glen E},
  volume={139},
  year={2013},
  publisher={Springer Science \& Business Media}
}

@book{hormanderconvex,
  title={Notions of Convexity},
  author={Hörmander, Lars},
  volume={127},
  year={2007},  
  publisher={Birkhäuser Boston}
}

@article{okuyama,
  title={Potential theory and a characterization of polynomials in complex dynamics},
  author={Okuyama, Y{\^u}suke and Stawiska, Ma{\l}gorzata},
  journal={Conformal Geometry and Dynamics of the American Mathematical Society},
  volume={15},
  number={10},
  pages={152--159},
  year={2011}
}

@inproceedings{minda,
  title={Regular analytic arcs and curves},
  author={Minda, Carl David},
  booktitle={Colloquium Mathematicum},
  volume={1},
  pages={73--82},
  year={1977}
}

@inproceedings{jenkins,
  title={On analytic paths},
  author={Jenkins, James A.},
  booktitle={Constantin Carath\'eodory: An International Tribute},
  volume={1},
  pages={548--553},
  year={1991},
  publisher={World Scientific Publishing Co. Pte. Ltd.}
}

@article{brolin1965invariant,
  title={Invariant sets under iteration of rational functions},
  author={Brolin, Hans},
  journal={Arkiv f{\"o}r matematik},
  volume={6},
  number={2},
  pages={103--144},
  year={1965},
  publisher={Kluwer Academic Publishers}
}

@article{lopes1986equilibrium,
  title={Equilibrium measures for rational maps},
  author={Lopes, Artur Oscar},
  journal={Ergodic Theory and Dynamical Systems},
  volume={6},
  number={3},
  pages={393--399},
  year={1986},
  publisher={Cambridge University Press}
}

@article{lopes,
  title={An invariant measure for rational maps},
  author={Lopes, Alexandre Freirs Artur and Ma{\~n}{\'e}, R},
  journal={Bol. Soc. Bras. Math},
  volume={14},
  pages={45--62},
  year={1983}
}

@article{demarco,
  title={Dynamics of rational maps: Lyapunov exponents, bifurcations, and capacity},
  author={DeMarco, Laura},
  journal={Mathematische Annalen},
  volume={326},
  number={1},
  pages={43--73},
  year={2003},
  publisher={Springer}
}

@article{okuyama2018,
  title={A generalization of the converse of {B}rolin's theorem},
  author={Okuyama, Y{\^u}suke and Stawiska, Malgorzata},
  journal={Annales Polonici Mathematici},
  volume={123},
  pages={467--472},
  year={2019}
}

@book{griffiths,
  title={Principles of algebraic geometry},
  author={Griffiths, Phillip and Harris, Joseph},
  year={2014},
  publisher={John Wiley \& Sons}
}

@book{demailly,
  title={Complex analytic and differential geometry},
  author={Demailly, Jean-Pierre},
  year={1997},
  publisher={Citeseer}
}

@article{ueda,
  title={Fatou sets in complex dynamics on projective spaces},
  author={Ueda, Tetsuo},
  journal={Journal of the Mathematical Society of Japan},
  volume={46},
  number={3},
  pages={545--555},
  year={1994},
  publisher={The Mathematical Society of Japan}
}

@article{range,
  title={What is a pseudoconvex domain},
  author={Range, R Michael},
  journal={Notices of the AMS},
  volume={59},
  number={2},
  year={2012}
}

@article{hubbard,
  title={Superattractive fixed points in C n},
  author={Hubbard, John H and Papadopol, Peter},
  journal={Indiana University Mathematics Journal},
  volume={43},
  number={1},
  pages={321--365},
  year={1994},
  publisher={JSTOR}
}

@book{bott,
  title={Differential forms in algebraic topology},
  author={Bott, Raoul and Tu, Loring W},
  volume={82},
  year={1982},
  publisher={Springer}
}

@book{berteloot,
  title={Rudiments de dynamique holomorphe},
  author={Berteloot, Fran{\c{c}}ois and Mayer, Volker},
  year={2001},
  publisher={Soci{\'e}t{\'e} math{\'e}matique de France}
}

@book{sternin,
  title={Differential equations on complex manifolds},
  author={Sternin, Boris and Shatalov, Victor},
  volume={276},
  year={2013},
  publisher={Springer Science \& Business Media}
}

@book{epstein,
  title={Differential geometry: basic notions and physical examples},
  author={Epstein, Marcelo},
  year={2014},
  publisher={Springer}
}

@article{gromov,
  title={On the entropy of holomorphic maps},
  author={Gromov, Mikha{\i}l},
  journal={Enseign. Math},
  volume={49},
  number={3-4},
  pages={217--235},
  year={2003}
}

@book{katok,
  title={Introduction to the modern theory of dynamical systems},
  author={Katok, Anatole and Hasselblatt, Boris},
  number={54},
  year={1995},
  publisher={Cambridge university press}
}

@book{bogachev,
  title={Measure theory},
  author={Bogachev, Vladimir Igorevich and Ruas, Maria Aparecida Soares},
  volume={1},
  year={2007},
  publisher={Springer}
}

@Inbook{fornaes,
title="Complex dynamics in higher dimensions",
author="Forn{\ae}ss, John Erik and Sibony, Nessim",
bookTitle="Complex Potential Theory",
year="1994",
publisher="Springer Netherlands",
address="Dordrecht",
pages="131--186",
isbn="978-94-011-0934-5",
doi="10.1007/978-94-011-0934-5_4",
url="https://doi.org/10.1007/978-94-011-0934-5_4"
}